%YAML 1.1
%TAG !u! tag:unity3d.com,2011:
--- !u!1 &1182876375257739595
GameObject:
  m_ObjectHideFlags: 0
  m_CorrespondingSourceObject: {fileID: 0}
  m_PrefabInstance: {fileID: 0}
  m_PrefabAsset: {fileID: 0}
  serializedVersion: 6
  m_Component:
  - component: {fileID: 4293555083824348433}
  - component: {fileID: 8726618954794201589}
  - component: {fileID: 4548143282496075376}
  m_Layer: 5
  m_Name: Image
  m_TagString: Untagged
  m_Icon: {fileID: 0}
  m_NavMeshLayer: 0
  m_StaticEditorFlags: 0
  m_IsActive: 1
--- !u!224 &4293555083824348433
RectTransform:
  m_ObjectHideFlags: 0
  m_CorrespondingSourceObject: {fileID: 0}
  m_PrefabInstance: {fileID: 0}
  m_PrefabAsset: {fileID: 0}
  m_GameObject: {fileID: 1182876375257739595}
  m_LocalRotation: {x: 0, y: 0, z: 0, w: 1}
  m_LocalPosition: {x: 0, y: 0, z: 0}
  m_LocalScale: {x: 1, y: 1, z: 1}
  m_ConstrainProportionsScale: 0
  m_Children: []
  m_Father: {fileID: 3346257342018010651}
  m_RootOrder: 1
  m_LocalEulerAnglesHint: {x: 0, y: 0, z: 0}
  m_AnchorMin: {x: 0, y: 0}
  m_AnchorMax: {x: 0, y: 0}
  m_AnchoredPosition: {x: 0, y: 0}
  m_SizeDelta: {x: 0, y: 100}
  m_Pivot: {x: 0.5, y: 0.5}
--- !u!222 &8726618954794201589
CanvasRenderer:
  m_ObjectHideFlags: 0
  m_CorrespondingSourceObject: {fileID: 0}
  m_PrefabInstance: {fileID: 0}
  m_PrefabAsset: {fileID: 0}
  m_GameObject: {fileID: 1182876375257739595}
  m_CullTransparentMesh: 1
--- !u!114 &4548143282496075376
MonoBehaviour:
  m_ObjectHideFlags: 0
  m_CorrespondingSourceObject: {fileID: 0}
  m_PrefabInstance: {fileID: 0}
  m_PrefabAsset: {fileID: 0}
  m_GameObject: {fileID: 1182876375257739595}
  m_Enabled: 1
  m_EditorHideFlags: 0
  m_Script: {fileID: 11500000, guid: fe87c0e1cc204ed48ad3b37840f39efc, type: 3}
  m_Name: 
  m_EditorClassIdentifier: 
  m_Material: {fileID: 0}
  m_Color: {r: 1, g: 1, b: 1, a: 1}
  m_RaycastTarget: 1
  m_RaycastPadding: {x: 0, y: 0, z: 0, w: 0}
  m_Maskable: 1
  m_OnCullStateChanged:
    m_PersistentCalls:
      m_Calls: []
  m_Sprite: {fileID: 0}
  m_Type: 0
  m_PreserveAspect: 0
  m_FillCenter: 1
  m_FillMethod: 4
  m_FillAmount: 1
  m_FillClockwise: 1
  m_FillOrigin: 0
  m_UseSpriteMesh: 0
  m_PixelsPerUnitMultiplier: 1
--- !u!1 &3060996875660380072
GameObject:
  m_ObjectHideFlags: 0
  m_CorrespondingSourceObject: {fileID: 0}
  m_PrefabInstance: {fileID: 0}
  m_PrefabAsset: {fileID: 0}
  serializedVersion: 6
  m_Component:
  - component: {fileID: 3060996875660380079}
  - component: {fileID: 3060996875660380077}
  - component: {fileID: 3060996875660380078}
  - component: {fileID: 3060996875660380076}
  m_Layer: 5
  m_Name: Player
  m_TagString: Untagged
  m_Icon: {fileID: 0}
  m_NavMeshLayer: 0
  m_StaticEditorFlags: 0
  m_IsActive: 1
--- !u!224 &3060996875660380079
RectTransform:
  m_ObjectHideFlags: 0
  m_CorrespondingSourceObject: {fileID: 0}
  m_PrefabInstance: {fileID: 0}
  m_PrefabAsset: {fileID: 0}
  m_GameObject: {fileID: 3060996875660380072}
  m_LocalRotation: {x: 0, y: 0, z: 0, w: 1}
  m_LocalPosition: {x: 0, y: 0, z: 0}
  m_LocalScale: {x: 1, y: 1, z: 1}
  m_ConstrainProportionsScale: 0
  m_Children:
  - {fileID: 6090306260639635445}
  - {fileID: 6669113667731856104}
  - {fileID: 1691222940973043271}
  - {fileID: 3346257342018010651}
  m_Father: {fileID: 0}
  m_RootOrder: 0
  m_LocalEulerAnglesHint: {x: 0, y: 0, z: 0}
  m_AnchorMin: {x: 0, y: 1}
  m_AnchorMax: {x: 1, y: 1}
  m_AnchoredPosition: {x: 0, y: 0}
  m_SizeDelta: {x: -1250, y: 200}
  m_Pivot: {x: 0, y: 1}
--- !u!222 &3060996875660380077
CanvasRenderer:
  m_ObjectHideFlags: 0
  m_CorrespondingSourceObject: {fileID: 0}
  m_PrefabInstance: {fileID: 0}
  m_PrefabAsset: {fileID: 0}
  m_GameObject: {fileID: 3060996875660380072}
  m_CullTransparentMesh: 1
--- !u!114 &3060996875660380078
MonoBehaviour:
  m_ObjectHideFlags: 0
  m_CorrespondingSourceObject: {fileID: 0}
  m_PrefabInstance: {fileID: 0}
  m_PrefabAsset: {fileID: 0}
  m_GameObject: {fileID: 3060996875660380072}
  m_Enabled: 1
  m_EditorHideFlags: 0
  m_Script: {fileID: 11500000, guid: fe87c0e1cc204ed48ad3b37840f39efc, type: 3}
  m_Name: 
  m_EditorClassIdentifier: 
  m_Material: {fileID: 0}
  m_Color: {r: 1, g: 1, b: 1, a: 0}
  m_RaycastTarget: 1
  m_RaycastPadding: {x: 0, y: 0, z: 0, w: 0}
  m_Maskable: 1
  m_OnCullStateChanged:
    m_PersistentCalls:
      m_Calls: []
  m_Sprite: {fileID: 0}
  m_Type: 1
  m_PreserveAspect: 0
  m_FillCenter: 1
  m_FillMethod: 4
  m_FillAmount: 1
  m_FillClockwise: 1
  m_FillOrigin: 0
  m_UseSpriteMesh: 0
  m_PixelsPerUnitMultiplier: 1
--- !u!114 &3060996875660380076
MonoBehaviour:
  m_ObjectHideFlags: 0
  m_CorrespondingSourceObject: {fileID: 0}
  m_PrefabInstance: {fileID: 0}
  m_PrefabAsset: {fileID: 0}
  m_GameObject: {fileID: 3060996875660380072}
  m_Enabled: 1
  m_EditorHideFlags: 0
  m_Script: {fileID: 11500000, guid: 4a2e019059221404095855b3c63c7e94, type: 3}
  m_Name: 
  m_EditorClassIdentifier: 
  tileType: 0
  points: 0
  playerNameText: {fileID: 0}
  pointsText: {fileID: 8324401434105496738}
  resources:
  - level: 1
    startCount: 4
    button: {fileID: 5830757909211534743}
    countText: {fileID: 1567692624203868542}
  - level: 2
    startCount: 4
    button: {fileID: 2822570586445696804}
    countText: {fileID: 2146527003421221987}
  - level: 3
    startCount: 4
    button: {fileID: 9194848852346068252}
    countText: {fileID: 6214091354869870796}
  nextPlayer: {fileID: 0}
--- !u!1 &7281518618677417678
GameObject:
  m_ObjectHideFlags: 0
  m_CorrespondingSourceObject: {fileID: 0}
  m_PrefabInstance: {fileID: 0}
  m_PrefabAsset: {fileID: 0}
  serializedVersion: 6
  m_Component:
  - component: {fileID: 3346257342018010651}
  - component: {fileID: 2383969737260603102}
  m_Layer: 5
  m_Name: Points
  m_TagString: Untagged
  m_Icon: {fileID: 0}
  m_NavMeshLayer: 0
  m_StaticEditorFlags: 0
  m_IsActive: 1
--- !u!224 &3346257342018010651
RectTransform:
  m_ObjectHideFlags: 0
  m_CorrespondingSourceObject: {fileID: 0}
  m_PrefabInstance: {fileID: 0}
  m_PrefabAsset: {fileID: 0}
  m_GameObject: {fileID: 7281518618677417678}
  m_LocalRotation: {x: 0, y: 0, z: 0, w: 1}
  m_LocalPosition: {x: 0, y: 0, z: 0}
  m_LocalScale: {x: 1, y: 1, z: 1}
  m_ConstrainProportionsScale: 0
  m_Children:
  - {fileID: 7790819361277599452}
  - {fileID: 4293555083824348433}
  - {fileID: 8324401434105496741}
  m_Father: {fileID: 3060996875660380079}
  m_RootOrder: 3
  m_LocalEulerAnglesHint: {x: 0, y: 0, z: 0}
  m_AnchorMin: {x: 0, y: 0}
  m_AnchorMax: {x: 1, y: 1}
  m_AnchoredPosition: {x: 0, y: 0}
  m_SizeDelta: {x: 0, y: 0}
  m_Pivot: {x: 0.5, y: 0.5}
--- !u!114 &2383969737260603102
MonoBehaviour:
  m_ObjectHideFlags: 0
  m_CorrespondingSourceObject: {fileID: 0}
  m_PrefabInstance: {fileID: 0}
  m_PrefabAsset: {fileID: 0}
  m_GameObject: {fileID: 7281518618677417678}
  m_Enabled: 1
  m_EditorHideFlags: 0
  m_Script: {fileID: 11500000, guid: 30649d3a9faa99c48a7b1166b86bf2a0, type: 3}
  m_Name: 
  m_EditorClassIdentifier: 
  m_Padding:
    m_Left: 25
    m_Right: 25
    m_Top: 0
    m_Bottom: 0
  m_ChildAlignment: 4
  m_Spacing: 25
  m_ChildForceExpandWidth: 1
  m_ChildForceExpandHeight: 1
  m_ChildControlWidth: 1
  m_ChildControlHeight: 0
  m_ChildScaleWidth: 0
  m_ChildScaleHeight: 0
  m_ReverseArrangement: 0
--- !u!1001 &750880084983264785
PrefabInstance:
  m_ObjectHideFlags: 0
  serializedVersion: 2
  m_Modification:
    m_TransformParent: {fileID: 3346257342018010651}
    m_Modifications:
    - target: {fileID: 1972704938971864121, guid: bc8f4cf33101a48558a21bdb899d87e2, type: 3}
      propertyPath: textId
      value: PlayerPoints
      objectReference: {fileID: 0}
    - target: {fileID: 7382848511868954826, guid: bc8f4cf33101a48558a21bdb899d87e2, type: 3}
      propertyPath: m_text
      value: PlayerPoints
      objectReference: {fileID: 0}
    - target: {fileID: 7382848511868954826, guid: bc8f4cf33101a48558a21bdb899d87e2, type: 3}
      propertyPath: m_fontSize
      value: 80
      objectReference: {fileID: 0}
    - target: {fileID: 7382848511868954826, guid: bc8f4cf33101a48558a21bdb899d87e2, type: 3}
      propertyPath: m_fontStyle
      value: 1
      objectReference: {fileID: 0}
    - target: {fileID: 7382848511868954826, guid: bc8f4cf33101a48558a21bdb899d87e2, type: 3}
      propertyPath: m_fontColor.b
      value: 0.7264151
      objectReference: {fileID: 0}
    - target: {fileID: 7382848511868954826, guid: bc8f4cf33101a48558a21bdb899d87e2, type: 3}
      propertyPath: m_fontColor.g
      value: 0.7264151
      objectReference: {fileID: 0}
    - target: {fileID: 7382848511868954826, guid: bc8f4cf33101a48558a21bdb899d87e2, type: 3}
      propertyPath: m_fontColor.r
      value: 0.7264151
      objectReference: {fileID: 0}
    - target: {fileID: 7382848511868954826, guid: bc8f4cf33101a48558a21bdb899d87e2, type: 3}
      propertyPath: m_fontSizeBase
      value: 80
      objectReference: {fileID: 0}
    - target: {fileID: 7382848511868954826, guid: bc8f4cf33101a48558a21bdb899d87e2, type: 3}
      propertyPath: m_fontColor32.rgba
      value: 4290361785
      objectReference: {fileID: 0}
    - target: {fileID: 7382848511868954826, guid: bc8f4cf33101a48558a21bdb899d87e2, type: 3}
      propertyPath: m_HorizontalAlignment
      value: 1
      objectReference: {fileID: 0}
    - target: {fileID: 7382848511868954828, guid: bc8f4cf33101a48558a21bdb899d87e2, type: 3}
      propertyPath: m_Name
      value: PointsText
      objectReference: {fileID: 0}
    - target: {fileID: 7382848511868954829, guid: bc8f4cf33101a48558a21bdb899d87e2, type: 3}
      propertyPath: m_Pivot.x
      value: 0.5
      objectReference: {fileID: 0}
    - target: {fileID: 7382848511868954829, guid: bc8f4cf33101a48558a21bdb899d87e2, type: 3}
      propertyPath: m_Pivot.y
      value: 0.5
      objectReference: {fileID: 0}
    - target: {fileID: 7382848511868954829, guid: bc8f4cf33101a48558a21bdb899d87e2, type: 3}
      propertyPath: m_RootOrder
      value: 0
      objectReference: {fileID: 0}
    - target: {fileID: 7382848511868954829, guid: bc8f4cf33101a48558a21bdb899d87e2, type: 3}
      propertyPath: m_AnchorMax.x
      value: 0
      objectReference: {fileID: 0}
    - target: {fileID: 7382848511868954829, guid: bc8f4cf33101a48558a21bdb899d87e2, type: 3}
      propertyPath: m_AnchorMax.y
      value: 0
      objectReference: {fileID: 0}
    - target: {fileID: 7382848511868954829, guid: bc8f4cf33101a48558a21bdb899d87e2, type: 3}
      propertyPath: m_AnchorMin.x
      value: 0
      objectReference: {fileID: 0}
    - target: {fileID: 7382848511868954829, guid: bc8f4cf33101a48558a21bdb899d87e2, type: 3}
      propertyPath: m_AnchorMin.y
      value: 0
      objectReference: {fileID: 0}
    - target: {fileID: 7382848511868954829, guid: bc8f4cf33101a48558a21bdb899d87e2, type: 3}
      propertyPath: m_SizeDelta.x
      value: 0
      objectReference: {fileID: 0}
    - target: {fileID: 7382848511868954829, guid: bc8f4cf33101a48558a21bdb899d87e2, type: 3}
      propertyPath: m_SizeDelta.y
      value: 0
      objectReference: {fileID: 0}
    - target: {fileID: 7382848511868954829, guid: bc8f4cf33101a48558a21bdb899d87e2, type: 3}
      propertyPath: m_LocalPosition.x
      value: 0
      objectReference: {fileID: 0}
    - target: {fileID: 7382848511868954829, guid: bc8f4cf33101a48558a21bdb899d87e2, type: 3}
      propertyPath: m_LocalPosition.y
      value: 0
      objectReference: {fileID: 0}
    - target: {fileID: 7382848511868954829, guid: bc8f4cf33101a48558a21bdb899d87e2, type: 3}
      propertyPath: m_LocalPosition.z
      value: 0
      objectReference: {fileID: 0}
    - target: {fileID: 7382848511868954829, guid: bc8f4cf33101a48558a21bdb899d87e2, type: 3}
      propertyPath: m_LocalRotation.w
      value: 1
      objectReference: {fileID: 0}
    - target: {fileID: 7382848511868954829, guid: bc8f4cf33101a48558a21bdb899d87e2, type: 3}
      propertyPath: m_LocalRotation.x
      value: -0
      objectReference: {fileID: 0}
    - target: {fileID: 7382848511868954829, guid: bc8f4cf33101a48558a21bdb899d87e2, type: 3}
      propertyPath: m_LocalRotation.y
      value: -0
      objectReference: {fileID: 0}
    - target: {fileID: 7382848511868954829, guid: bc8f4cf33101a48558a21bdb899d87e2, type: 3}
      propertyPath: m_LocalRotation.z
      value: -0
      objectReference: {fileID: 0}
    - target: {fileID: 7382848511868954829, guid: bc8f4cf33101a48558a21bdb899d87e2, type: 3}
      propertyPath: m_AnchoredPosition.x
      value: 0
      objectReference: {fileID: 0}
    - target: {fileID: 7382848511868954829, guid: bc8f4cf33101a48558a21bdb899d87e2, type: 3}
      propertyPath: m_AnchoredPosition.y
      value: 0
      objectReference: {fileID: 0}
    - target: {fileID: 7382848511868954829, guid: bc8f4cf33101a48558a21bdb899d87e2, type: 3}
      propertyPath: m_LocalEulerAnglesHint.x
      value: 0
      objectReference: {fileID: 0}
    - target: {fileID: 7382848511868954829, guid: bc8f4cf33101a48558a21bdb899d87e2, type: 3}
      propertyPath: m_LocalEulerAnglesHint.y
      value: 0
      objectReference: {fileID: 0}
    - target: {fileID: 7382848511868954829, guid: bc8f4cf33101a48558a21bdb899d87e2, type: 3}
      propertyPath: m_LocalEulerAnglesHint.z
      value: 0
      objectReference: {fileID: 0}
    m_RemovedComponents: []
  m_SourcePrefab: {fileID: 100100000, guid: bc8f4cf33101a48558a21bdb899d87e2, type: 3}
--- !u!224 &7790819361277599452 stripped
RectTransform:
  m_CorrespondingSourceObject: {fileID: 7382848511868954829, guid: bc8f4cf33101a48558a21bdb899d87e2, type: 3}
  m_PrefabInstance: {fileID: 750880084983264785}
  m_PrefabAsset: {fileID: 0}
--- !u!1001 &1153119636494771467
PrefabInstance:
  m_ObjectHideFlags: 0
  serializedVersion: 2
  m_Modification:
    m_TransformParent: {fileID: 3060996875660380079}
    m_Modifications:
    - target: {fileID: 993407505851269480, guid: 8e230906189474df4ad4fa83792b355e, type: 3}
      propertyPath: m_text
      value: x4
      objectReference: {fileID: 0}
    - target: {fileID: 993407505851269480, guid: 8e230906189474df4ad4fa83792b355e, type: 3}
      propertyPath: m_fontSize
      value: 50
      objectReference: {fileID: 0}
    - target: {fileID: 993407505851269480, guid: 8e230906189474df4ad4fa83792b355e, type: 3}
      propertyPath: m_margin.w
      value: 58.265625
      objectReference: {fileID: 0}
    - target: {fileID: 993407505851269480, guid: 8e230906189474df4ad4fa83792b355e, type: 3}
      propertyPath: m_margin.y
      value: 52.984375
      objectReference: {fileID: 0}
    - target: {fileID: 993407505851269480, guid: 8e230906189474df4ad4fa83792b355e, type: 3}
      propertyPath: m_fontStyle
      value: 1
      objectReference: {fileID: 0}
    - target: {fileID: 993407505851269480, guid: 8e230906189474df4ad4fa83792b355e, type: 3}
      propertyPath: m_fontColor.b
      value: 1
      objectReference: {fileID: 0}
    - target: {fileID: 993407505851269480, guid: 8e230906189474df4ad4fa83792b355e, type: 3}
      propertyPath: m_fontColor.g
      value: 1
      objectReference: {fileID: 0}
    - target: {fileID: 993407505851269480, guid: 8e230906189474df4ad4fa83792b355e, type: 3}
      propertyPath: m_fontColor.r
      value: 1
      objectReference: {fileID: 0}
    - target: {fileID: 993407505851269480, guid: 8e230906189474df4ad4fa83792b355e, type: 3}
      propertyPath: m_fontSizeBase
      value: 50
      objectReference: {fileID: 0}
    - target: {fileID: 993407505851269480, guid: 8e230906189474df4ad4fa83792b355e, type: 3}
      propertyPath: m_fontColor32.rgba
      value: 4294967295
      objectReference: {fileID: 0}
    - target: {fileID: 993407505851269480, guid: 8e230906189474df4ad4fa83792b355e, type: 3}
      propertyPath: m_HorizontalAlignment
      value: 4
      objectReference: {fileID: 0}
    - target: {fileID: 993407505851269486, guid: 8e230906189474df4ad4fa83792b355e, type: 3}
      propertyPath: m_Name
      value: Qty
      objectReference: {fileID: 0}
    - target: {fileID: 993407505851269487, guid: 8e230906189474df4ad4fa83792b355e, type: 3}
      propertyPath: m_Pivot.x
      value: 1
      objectReference: {fileID: 0}
    - target: {fileID: 993407505851269487, guid: 8e230906189474df4ad4fa83792b355e, type: 3}
      propertyPath: m_AnchorMax.x
      value: 0
      objectReference: {fileID: 0}
    - target: {fileID: 993407505851269487, guid: 8e230906189474df4ad4fa83792b355e, type: 3}
      propertyPath: m_AnchorMax.y
      value: 0.5
      objectReference: {fileID: 0}
    - target: {fileID: 993407505851269487, guid: 8e230906189474df4ad4fa83792b355e, type: 3}
      propertyPath: m_AnchorMin.y
      value: 0.5
      objectReference: {fileID: 0}
    - target: {fileID: 993407505851269487, guid: 8e230906189474df4ad4fa83792b355e, type: 3}
      propertyPath: m_SizeDelta.x
      value: 100
      objectReference: {fileID: 0}
    - target: {fileID: 993407505851269487, guid: 8e230906189474df4ad4fa83792b355e, type: 3}
      propertyPath: m_SizeDelta.y
      value: 80
      objectReference: {fileID: 0}
    - target: {fileID: 993407505851269487, guid: 8e230906189474df4ad4fa83792b355e, type: 3}
      propertyPath: m_AnchoredPosition.y
      value: -50
      objectReference: {fileID: 0}
    - target: {fileID: 5516284715831689184, guid: 8e230906189474df4ad4fa83792b355e, type: 3}
      propertyPath: m_OnClick.m_PersistentCalls.m_Calls.Array.data[0].m_Mode
      value: 1
      objectReference: {fileID: 0}
    - target: {fileID: 5516284715831689184, guid: 8e230906189474df4ad4fa83792b355e, type: 3}
      propertyPath: m_OnClick.m_PersistentCalls.m_Calls.Array.data[0].m_Target
      value: 
      objectReference: {fileID: 2822570586445696804}
    - target: {fileID: 5516284715831689184, guid: 8e230906189474df4ad4fa83792b355e, type: 3}
      propertyPath: m_OnClick.m_PersistentCalls.m_Calls.Array.data[0].m_MethodName
      value: SelectTileType
      objectReference: {fileID: 0}
    - target: {fileID: 5516284715831689184, guid: 8e230906189474df4ad4fa83792b355e, type: 3}
      propertyPath: m_OnClick.m_PersistentCalls.m_Calls.Array.data[0].m_TargetAssemblyTypeName
      value: GameCore.Scripts.TileTypeButton, Assembly-CSharp
      objectReference: {fileID: 0}
    - target: {fileID: 5516284715831689185, guid: 8e230906189474df4ad4fa83792b355e, type: 3}
      propertyPath: m_Type
      value: 0
      objectReference: {fileID: 0}
    - target: {fileID: 5516284715831689185, guid: 8e230906189474df4ad4fa83792b355e, type: 3}
      propertyPath: m_Sprite
      value: 
      objectReference: {fileID: 21300000, guid: ce8668a334d964d30870e2a8f0edbda5, type: 3}
    - target: {fileID: 5516284715831689186, guid: 8e230906189474df4ad4fa83792b355e, type: 3}
      propertyPath: m_Name
      value: Tile (Lev 2)
      objectReference: {fileID: 0}
    - target: {fileID: 5516284715831689187, guid: 8e230906189474df4ad4fa83792b355e, type: 3}
      propertyPath: m_Pivot.x
      value: 0
      objectReference: {fileID: 0}
    - target: {fileID: 5516284715831689187, guid: 8e230906189474df4ad4fa83792b355e, type: 3}
      propertyPath: m_Pivot.y
      value: 1
      objectReference: {fileID: 0}
    - target: {fileID: 5516284715831689187, guid: 8e230906189474df4ad4fa83792b355e, type: 3}
      propertyPath: m_RootOrder
      value: 1
      objectReference: {fileID: 0}
    - target: {fileID: 5516284715831689187, guid: 8e230906189474df4ad4fa83792b355e, type: 3}
      propertyPath: m_AnchorMax.x
      value: 0
      objectReference: {fileID: 0}
    - target: {fileID: 5516284715831689187, guid: 8e230906189474df4ad4fa83792b355e, type: 3}
      propertyPath: m_AnchorMax.y
      value: 1
      objectReference: {fileID: 0}
    - target: {fileID: 5516284715831689187, guid: 8e230906189474df4ad4fa83792b355e, type: 3}
      propertyPath: m_AnchorMin.x
      value: 0
      objectReference: {fileID: 0}
    - target: {fileID: 5516284715831689187, guid: 8e230906189474df4ad4fa83792b355e, type: 3}
      propertyPath: m_AnchorMin.y
      value: 1
      objectReference: {fileID: 0}
    - target: {fileID: 5516284715831689187, guid: 8e230906189474df4ad4fa83792b355e, type: 3}
      propertyPath: m_SizeDelta.x
      value: 200
      objectReference: {fileID: 0}
    - target: {fileID: 5516284715831689187, guid: 8e230906189474df4ad4fa83792b355e, type: 3}
      propertyPath: m_SizeDelta.y
      value: 200
      objectReference: {fileID: 0}
    - target: {fileID: 5516284715831689187, guid: 8e230906189474df4ad4fa83792b355e, type: 3}
      propertyPath: m_LocalPosition.x
      value: 0
      objectReference: {fileID: 0}
    - target: {fileID: 5516284715831689187, guid: 8e230906189474df4ad4fa83792b355e, type: 3}
      propertyPath: m_LocalPosition.y
      value: 0
      objectReference: {fileID: 0}
    - target: {fileID: 5516284715831689187, guid: 8e230906189474df4ad4fa83792b355e, type: 3}
      propertyPath: m_LocalPosition.z
      value: 0
      objectReference: {fileID: 0}
    - target: {fileID: 5516284715831689187, guid: 8e230906189474df4ad4fa83792b355e, type: 3}
      propertyPath: m_LocalRotation.w
      value: 1
      objectReference: {fileID: 0}
    - target: {fileID: 5516284715831689187, guid: 8e230906189474df4ad4fa83792b355e, type: 3}
      propertyPath: m_LocalRotation.x
      value: 0
      objectReference: {fileID: 0}
    - target: {fileID: 5516284715831689187, guid: 8e230906189474df4ad4fa83792b355e, type: 3}
      propertyPath: m_LocalRotation.y
      value: 0
      objectReference: {fileID: 0}
    - target: {fileID: 5516284715831689187, guid: 8e230906189474df4ad4fa83792b355e, type: 3}
      propertyPath: m_LocalRotation.z
      value: 0
      objectReference: {fileID: 0}
    - target: {fileID: 5516284715831689187, guid: 8e230906189474df4ad4fa83792b355e, type: 3}
      propertyPath: m_AnchoredPosition.x
      value: 100
      objectReference: {fileID: 0}
    - target: {fileID: 5516284715831689187, guid: 8e230906189474df4ad4fa83792b355e, type: 3}
      propertyPath: m_AnchoredPosition.y
      value: -500
      objectReference: {fileID: 0}
    - target: {fileID: 5516284715831689187, guid: 8e230906189474df4ad4fa83792b355e, type: 3}
      propertyPath: m_LocalEulerAnglesHint.x
      value: 0
      objectReference: {fileID: 0}
    - target: {fileID: 5516284715831689187, guid: 8e230906189474df4ad4fa83792b355e, type: 3}
      propertyPath: m_LocalEulerAnglesHint.y
      value: 0
      objectReference: {fileID: 0}
    - target: {fileID: 5516284715831689187, guid: 8e230906189474df4ad4fa83792b355e, type: 3}
      propertyPath: m_LocalEulerAnglesHint.z
      value: 0
      objectReference: {fileID: 0}
    m_RemovedComponents: []
  m_SourcePrefab: {fileID: 100100000, guid: 8e230906189474df4ad4fa83792b355e, type: 3}
--- !u!114 &2146527003421221987 stripped
MonoBehaviour:
  m_CorrespondingSourceObject: {fileID: 993407505851269480, guid: 8e230906189474df4ad4fa83792b355e, type: 3}
  m_PrefabInstance: {fileID: 1153119636494771467}
  m_PrefabAsset: {fileID: 0}
  m_GameObject: {fileID: 0}
  m_Enabled: 1
  m_EditorHideFlags: 0
  m_Script: {fileID: 11500000, guid: f4688fdb7df04437aeb418b961361dc5, type: 3}
  m_Name: 
  m_EditorClassIdentifier: 
--- !u!224 &6669113667731856104 stripped
RectTransform:
  m_CorrespondingSourceObject: {fileID: 5516284715831689187, guid: 8e230906189474df4ad4fa83792b355e, type: 3}
  m_PrefabInstance: {fileID: 1153119636494771467}
  m_PrefabAsset: {fileID: 0}
--- !u!1 &6669113667731856105 stripped
GameObject:
  m_CorrespondingSourceObject: {fileID: 5516284715831689186, guid: 8e230906189474df4ad4fa83792b355e, type: 3}
  m_PrefabInstance: {fileID: 1153119636494771467}
  m_PrefabAsset: {fileID: 0}
--- !u!114 &2822570586445696804
MonoBehaviour:
  m_ObjectHideFlags: 0
  m_CorrespondingSourceObject: {fileID: 0}
  m_PrefabInstance: {fileID: 0}
  m_PrefabAsset: {fileID: 0}
  m_GameObject: {fileID: 6669113667731856105}
  m_Enabled: 1
  m_EditorHideFlags: 0
  m_Script: {fileID: 11500000, guid: 64554da9cf009451494fc88326e440ed, type: 3}
  m_Name: 
  m_EditorClassIdentifier: 
  button: {fileID: 6669113667731856107}
  referee: {fileID: 11400000, guid: 364cac64f49a24e5d8bd5e77c17cec39, type: 2}
--- !u!114 &6669113667731856107 stripped
MonoBehaviour:
  m_CorrespondingSourceObject: {fileID: 5516284715831689184, guid: 8e230906189474df4ad4fa83792b355e, type: 3}
  m_PrefabInstance: {fileID: 1153119636494771467}
  m_PrefabAsset: {fileID: 0}
  m_GameObject: {fileID: 6669113667731856105}
  m_Enabled: 1
  m_EditorHideFlags: 0
  m_Script: {fileID: 11500000, guid: 4e29b1a8efbd4b44bb3f3716e73f07ff, type: 3}
  m_Name: 
  m_EditorClassIdentifier: 
--- !u!1001 &1731874842284861462
PrefabInstance:
  m_ObjectHideFlags: 0
  serializedVersion: 2
  m_Modification:
    m_TransformParent: {fileID: 3060996875660380079}
    m_Modifications:
    - target: {fileID: 993407505851269480, guid: 8e230906189474df4ad4fa83792b355e, type: 3}
      propertyPath: m_text
      value: x4
      objectReference: {fileID: 0}
    - target: {fileID: 993407505851269480, guid: 8e230906189474df4ad4fa83792b355e, type: 3}
      propertyPath: m_fontSize
      value: 50
      objectReference: {fileID: 0}
    - target: {fileID: 993407505851269480, guid: 8e230906189474df4ad4fa83792b355e, type: 3}
      propertyPath: m_margin.w
      value: 58.265625
      objectReference: {fileID: 0}
    - target: {fileID: 993407505851269480, guid: 8e230906189474df4ad4fa83792b355e, type: 3}
      propertyPath: m_margin.y
      value: 52.984375
      objectReference: {fileID: 0}
    - target: {fileID: 993407505851269480, guid: 8e230906189474df4ad4fa83792b355e, type: 3}
      propertyPath: m_fontStyle
      value: 1
      objectReference: {fileID: 0}
    - target: {fileID: 993407505851269480, guid: 8e230906189474df4ad4fa83792b355e, type: 3}
      propertyPath: m_fontColor.b
      value: 1
      objectReference: {fileID: 0}
    - target: {fileID: 993407505851269480, guid: 8e230906189474df4ad4fa83792b355e, type: 3}
      propertyPath: m_fontColor.g
      value: 1
      objectReference: {fileID: 0}
    - target: {fileID: 993407505851269480, guid: 8e230906189474df4ad4fa83792b355e, type: 3}
      propertyPath: m_fontColor.r
      value: 1
      objectReference: {fileID: 0}
    - target: {fileID: 993407505851269480, guid: 8e230906189474df4ad4fa83792b355e, type: 3}
      propertyPath: m_fontSizeBase
      value: 50
      objectReference: {fileID: 0}
    - target: {fileID: 993407505851269480, guid: 8e230906189474df4ad4fa83792b355e, type: 3}
      propertyPath: m_fontColor32.rgba
      value: 4294967295
      objectReference: {fileID: 0}
    - target: {fileID: 993407505851269480, guid: 8e230906189474df4ad4fa83792b355e, type: 3}
      propertyPath: m_HorizontalAlignment
      value: 4
      objectReference: {fileID: 0}
    - target: {fileID: 993407505851269486, guid: 8e230906189474df4ad4fa83792b355e, type: 3}
      propertyPath: m_Name
      value: Qty
      objectReference: {fileID: 0}
    - target: {fileID: 993407505851269487, guid: 8e230906189474df4ad4fa83792b355e, type: 3}
      propertyPath: m_Pivot.x
      value: 1
      objectReference: {fileID: 0}
    - target: {fileID: 993407505851269487, guid: 8e230906189474df4ad4fa83792b355e, type: 3}
      propertyPath: m_AnchorMax.x
      value: 0
      objectReference: {fileID: 0}
    - target: {fileID: 993407505851269487, guid: 8e230906189474df4ad4fa83792b355e, type: 3}
      propertyPath: m_AnchorMax.y
      value: 0.5
      objectReference: {fileID: 0}
    - target: {fileID: 993407505851269487, guid: 8e230906189474df4ad4fa83792b355e, type: 3}
      propertyPath: m_AnchorMin.y
      value: 0.5
      objectReference: {fileID: 0}
    - target: {fileID: 993407505851269487, guid: 8e230906189474df4ad4fa83792b355e, type: 3}
      propertyPath: m_SizeDelta.x
      value: 100
      objectReference: {fileID: 0}
    - target: {fileID: 993407505851269487, guid: 8e230906189474df4ad4fa83792b355e, type: 3}
      propertyPath: m_SizeDelta.y
      value: 80
      objectReference: {fileID: 0}
    - target: {fileID: 993407505851269487, guid: 8e230906189474df4ad4fa83792b355e, type: 3}
      propertyPath: m_AnchoredPosition.y
      value: -50
      objectReference: {fileID: 0}
    - target: {fileID: 5516284715831689184, guid: 8e230906189474df4ad4fa83792b355e, type: 3}
      propertyPath: m_OnClick.m_PersistentCalls.m_Calls.Array.data[0].m_Mode
      value: 1
      objectReference: {fileID: 0}
    - target: {fileID: 5516284715831689184, guid: 8e230906189474df4ad4fa83792b355e, type: 3}
      propertyPath: m_OnClick.m_PersistentCalls.m_Calls.Array.data[0].m_Target
      value: 
      objectReference: {fileID: 5830757909211534743}
    - target: {fileID: 5516284715831689184, guid: 8e230906189474df4ad4fa83792b355e, type: 3}
      propertyPath: m_OnClick.m_PersistentCalls.m_Calls.Array.data[0].m_MethodName
      value: SelectTileType
      objectReference: {fileID: 0}
    - target: {fileID: 5516284715831689184, guid: 8e230906189474df4ad4fa83792b355e, type: 3}
      propertyPath: m_OnClick.m_PersistentCalls.m_Calls.Array.data[0].m_TargetAssemblyTypeName
      value: GameCore.Scripts.TileTypeButton, Assembly-CSharp
      objectReference: {fileID: 0}
    - target: {fileID: 5516284715831689185, guid: 8e230906189474df4ad4fa83792b355e, type: 3}
      propertyPath: m_Type
      value: 0
      objectReference: {fileID: 0}
    - target: {fileID: 5516284715831689185, guid: 8e230906189474df4ad4fa83792b355e, type: 3}
      propertyPath: m_Sprite
      value: 
      objectReference: {fileID: 21300000, guid: ecee06dd8552f44f697cacb436378fb5, type: 3}
    - target: {fileID: 5516284715831689186, guid: 8e230906189474df4ad4fa83792b355e, type: 3}
      propertyPath: m_Name
      value: Tile (Lev 1)
      objectReference: {fileID: 0}
    - target: {fileID: 5516284715831689187, guid: 8e230906189474df4ad4fa83792b355e, type: 3}
      propertyPath: m_Pivot.x
      value: 0
      objectReference: {fileID: 0}
    - target: {fileID: 5516284715831689187, guid: 8e230906189474df4ad4fa83792b355e, type: 3}
      propertyPath: m_Pivot.y
      value: 1
      objectReference: {fileID: 0}
    - target: {fileID: 5516284715831689187, guid: 8e230906189474df4ad4fa83792b355e, type: 3}
      propertyPath: m_RootOrder
      value: 0
      objectReference: {fileID: 0}
    - target: {fileID: 5516284715831689187, guid: 8e230906189474df4ad4fa83792b355e, type: 3}
      propertyPath: m_AnchorMax.x
      value: 0
      objectReference: {fileID: 0}
    - target: {fileID: 5516284715831689187, guid: 8e230906189474df4ad4fa83792b355e, type: 3}
      propertyPath: m_AnchorMax.y
      value: 1
      objectReference: {fileID: 0}
    - target: {fileID: 5516284715831689187, guid: 8e230906189474df4ad4fa83792b355e, type: 3}
      propertyPath: m_AnchorMin.x
      value: 0
      objectReference: {fileID: 0}
    - target: {fileID: 5516284715831689187, guid: 8e230906189474df4ad4fa83792b355e, type: 3}
      propertyPath: m_AnchorMin.y
      value: 1
      objectReference: {fileID: 0}
    - target: {fileID: 5516284715831689187, guid: 8e230906189474df4ad4fa83792b355e, type: 3}
      propertyPath: m_SizeDelta.x
      value: 200
      objectReference: {fileID: 0}
    - target: {fileID: 5516284715831689187, guid: 8e230906189474df4ad4fa83792b355e, type: 3}
      propertyPath: m_SizeDelta.y
      value: 200
      objectReference: {fileID: 0}
    - target: {fileID: 5516284715831689187, guid: 8e230906189474df4ad4fa83792b355e, type: 3}
      propertyPath: m_LocalPosition.x
      value: 0
      objectReference: {fileID: 0}
    - target: {fileID: 5516284715831689187, guid: 8e230906189474df4ad4fa83792b355e, type: 3}
      propertyPath: m_LocalPosition.y
      value: 0
      objectReference: {fileID: 0}
    - target: {fileID: 5516284715831689187, guid: 8e230906189474df4ad4fa83792b355e, type: 3}
      propertyPath: m_LocalPosition.z
      value: 0
      objectReference: {fileID: 0}
    - target: {fileID: 5516284715831689187, guid: 8e230906189474df4ad4fa83792b355e, type: 3}
      propertyPath: m_LocalRotation.w
      value: 1
      objectReference: {fileID: 0}
    - target: {fileID: 5516284715831689187, guid: 8e230906189474df4ad4fa83792b355e, type: 3}
      propertyPath: m_LocalRotation.x
      value: 0
      objectReference: {fileID: 0}
    - target: {fileID: 5516284715831689187, guid: 8e230906189474df4ad4fa83792b355e, type: 3}
      propertyPath: m_LocalRotation.y
      value: 0
      objectReference: {fileID: 0}
    - target: {fileID: 5516284715831689187, guid: 8e230906189474df4ad4fa83792b355e, type: 3}
      propertyPath: m_LocalRotation.z
      value: 0
      objectReference: {fileID: 0}
    - target: {fileID: 5516284715831689187, guid: 8e230906189474df4ad4fa83792b355e, type: 3}
      propertyPath: m_AnchoredPosition.x
      value: 100
      objectReference: {fileID: 0}
    - target: {fileID: 5516284715831689187, guid: 8e230906189474df4ad4fa83792b355e, type: 3}
      propertyPath: m_AnchoredPosition.y
      value: -250
      objectReference: {fileID: 0}
    - target: {fileID: 5516284715831689187, guid: 8e230906189474df4ad4fa83792b355e, type: 3}
      propertyPath: m_LocalEulerAnglesHint.x
      value: 0
      objectReference: {fileID: 0}
    - target: {fileID: 5516284715831689187, guid: 8e230906189474df4ad4fa83792b355e, type: 3}
      propertyPath: m_LocalEulerAnglesHint.y
      value: 0
      objectReference: {fileID: 0}
    - target: {fileID: 5516284715831689187, guid: 8e230906189474df4ad4fa83792b355e, type: 3}
      propertyPath: m_LocalEulerAnglesHint.z
      value: 0
      objectReference: {fileID: 0}
    m_RemovedComponents: []
  m_SourcePrefab: {fileID: 100100000, guid: 8e230906189474df4ad4fa83792b355e, type: 3}
--- !u!114 &1567692624203868542 stripped
MonoBehaviour:
  m_CorrespondingSourceObject: {fileID: 993407505851269480, guid: 8e230906189474df4ad4fa83792b355e, type: 3}
  m_PrefabInstance: {fileID: 1731874842284861462}
  m_PrefabAsset: {fileID: 0}
  m_GameObject: {fileID: 0}
  m_Enabled: 1
  m_EditorHideFlags: 0
  m_Script: {fileID: 11500000, guid: f4688fdb7df04437aeb418b961361dc5, type: 3}
  m_Name: 
  m_EditorClassIdentifier: 
--- !u!1 &6090306260639635444 stripped
GameObject:
  m_CorrespondingSourceObject: {fileID: 5516284715831689186, guid: 8e230906189474df4ad4fa83792b355e, type: 3}
  m_PrefabInstance: {fileID: 1731874842284861462}
  m_PrefabAsset: {fileID: 0}
--- !u!114 &5830757909211534743
MonoBehaviour:
  m_ObjectHideFlags: 0
  m_CorrespondingSourceObject: {fileID: 0}
  m_PrefabInstance: {fileID: 0}
  m_PrefabAsset: {fileID: 0}
  m_GameObject: {fileID: 6090306260639635444}
  m_Enabled: 1
  m_EditorHideFlags: 0
  m_Script: {fileID: 11500000, guid: 64554da9cf009451494fc88326e440ed, type: 3}
  m_Name: 
  m_EditorClassIdentifier: 
  button: {fileID: 6090306260639635446}
  referee: {fileID: 11400000, guid: 364cac64f49a24e5d8bd5e77c17cec39, type: 2}
--- !u!224 &6090306260639635445 stripped
RectTransform:
  m_CorrespondingSourceObject: {fileID: 5516284715831689187, guid: 8e230906189474df4ad4fa83792b355e, type: 3}
  m_PrefabInstance: {fileID: 1731874842284861462}
  m_PrefabAsset: {fileID: 0}
--- !u!114 &6090306260639635446 stripped
MonoBehaviour:
  m_CorrespondingSourceObject: {fileID: 5516284715831689184, guid: 8e230906189474df4ad4fa83792b355e, type: 3}
  m_PrefabInstance: {fileID: 1731874842284861462}
  m_PrefabAsset: {fileID: 0}
  m_GameObject: {fileID: 6090306260639635444}
  m_Enabled: 1
  m_EditorHideFlags: 0
  m_Script: {fileID: 11500000, guid: 4e29b1a8efbd4b44bb3f3716e73f07ff, type: 3}
  m_Name: 
  m_EditorClassIdentifier: 
--- !u!1001 &5239735265893686765
PrefabInstance:
  m_ObjectHideFlags: 0
  serializedVersion: 2
  m_Modification:
    m_TransformParent: {fileID: 3346257342018010651}
    m_Modifications:
    - target: {fileID: 4265315157052381512, guid: 80191fc06bc4242689cfe1e28f663911, type: 3}
      propertyPath: m_Pivot.x
      value: 0.5
      objectReference: {fileID: 0}
    - target: {fileID: 4265315157052381512, guid: 80191fc06bc4242689cfe1e28f663911, type: 3}
      propertyPath: m_Pivot.y
      value: 0.5
      objectReference: {fileID: 0}
    - target: {fileID: 4265315157052381512, guid: 80191fc06bc4242689cfe1e28f663911, type: 3}
      propertyPath: m_RootOrder
      value: 2
      objectReference: {fileID: 0}
    - target: {fileID: 4265315157052381512, guid: 80191fc06bc4242689cfe1e28f663911, type: 3}
      propertyPath: m_AnchorMax.x
      value: 0
      objectReference: {fileID: 0}
    - target: {fileID: 4265315157052381512, guid: 80191fc06bc4242689cfe1e28f663911, type: 3}
      propertyPath: m_AnchorMax.y
      value: 0
      objectReference: {fileID: 0}
    - target: {fileID: 4265315157052381512, guid: 80191fc06bc4242689cfe1e28f663911, type: 3}
      propertyPath: m_AnchorMin.x
      value: 0
      objectReference: {fileID: 0}
    - target: {fileID: 4265315157052381512, guid: 80191fc06bc4242689cfe1e28f663911, type: 3}
      propertyPath: m_AnchorMin.y
      value: 0
      objectReference: {fileID: 0}
    - target: {fileID: 4265315157052381512, guid: 80191fc06bc4242689cfe1e28f663911, type: 3}
      propertyPath: m_SizeDelta.x
      value: 0
      objectReference: {fileID: 0}
    - target: {fileID: 4265315157052381512, guid: 80191fc06bc4242689cfe1e28f663911, type: 3}
      propertyPath: m_SizeDelta.y
      value: 100
      objectReference: {fileID: 0}
    - target: {fileID: 4265315157052381512, guid: 80191fc06bc4242689cfe1e28f663911, type: 3}
      propertyPath: m_LocalPosition.x
      value: 0
      objectReference: {fileID: 0}
    - target: {fileID: 4265315157052381512, guid: 80191fc06bc4242689cfe1e28f663911, type: 3}
      propertyPath: m_LocalPosition.y
      value: 0
      objectReference: {fileID: 0}
    - target: {fileID: 4265315157052381512, guid: 80191fc06bc4242689cfe1e28f663911, type: 3}
      propertyPath: m_LocalPosition.z
      value: 0
      objectReference: {fileID: 0}
    - target: {fileID: 4265315157052381512, guid: 80191fc06bc4242689cfe1e28f663911, type: 3}
      propertyPath: m_LocalRotation.w
      value: 1
      objectReference: {fileID: 0}
    - target: {fileID: 4265315157052381512, guid: 80191fc06bc4242689cfe1e28f663911, type: 3}
      propertyPath: m_LocalRotation.x
      value: -0
      objectReference: {fileID: 0}
    - target: {fileID: 4265315157052381512, guid: 80191fc06bc4242689cfe1e28f663911, type: 3}
      propertyPath: m_LocalRotation.y
      value: -0
      objectReference: {fileID: 0}
    - target: {fileID: 4265315157052381512, guid: 80191fc06bc4242689cfe1e28f663911, type: 3}
      propertyPath: m_LocalRotation.z
      value: -0
      objectReference: {fileID: 0}
    - target: {fileID: 4265315157052381512, guid: 80191fc06bc4242689cfe1e28f663911, type: 3}
      propertyPath: m_AnchoredPosition.x
      value: 0
      objectReference: {fileID: 0}
    - target: {fileID: 4265315157052381512, guid: 80191fc06bc4242689cfe1e28f663911, type: 3}
      propertyPath: m_AnchoredPosition.y
      value: 0
      objectReference: {fileID: 0}
    - target: {fileID: 4265315157052381512, guid: 80191fc06bc4242689cfe1e28f663911, type: 3}
      propertyPath: m_LocalEulerAnglesHint.x
      value: 0
      objectReference: {fileID: 0}
    - target: {fileID: 4265315157052381512, guid: 80191fc06bc4242689cfe1e28f663911, type: 3}
      propertyPath: m_LocalEulerAnglesHint.y
      value: 0
      objectReference: {fileID: 0}
    - target: {fileID: 4265315157052381512, guid: 80191fc06bc4242689cfe1e28f663911, type: 3}
      propertyPath: m_LocalEulerAnglesHint.z
      value: 0
      objectReference: {fileID: 0}
    - target: {fileID: 4265315157052381513, guid: 80191fc06bc4242689cfe1e28f663911, type: 3}
      propertyPath: m_Name
      value: PointsValue
      objectReference: {fileID: 0}
    - target: {fileID: 4265315157052381519, guid: 80191fc06bc4242689cfe1e28f663911, type: 3}
      propertyPath: m_text
      value: 0
      objectReference: {fileID: 0}
    - target: {fileID: 4265315157052381519, guid: 80191fc06bc4242689cfe1e28f663911, type: 3}
      propertyPath: m_fontSize
      value: 80
      objectReference: {fileID: 0}
    - target: {fileID: 4265315157052381519, guid: 80191fc06bc4242689cfe1e28f663911, type: 3}
      propertyPath: m_fontStyle
      value: 1
      objectReference: {fileID: 0}
    - target: {fileID: 4265315157052381519, guid: 80191fc06bc4242689cfe1e28f663911, type: 3}
      propertyPath: m_fontColor.b
      value: 0.7264151
      objectReference: {fileID: 0}
    - target: {fileID: 4265315157052381519, guid: 80191fc06bc4242689cfe1e28f663911, type: 3}
      propertyPath: m_fontColor.g
      value: 0.7264151
      objectReference: {fileID: 0}
    - target: {fileID: 4265315157052381519, guid: 80191fc06bc4242689cfe1e28f663911, type: 3}
      propertyPath: m_fontColor.r
      value: 0.7264151
      objectReference: {fileID: 0}
    - target: {fileID: 4265315157052381519, guid: 80191fc06bc4242689cfe1e28f663911, type: 3}
      propertyPath: m_fontSizeBase
      value: 80
      objectReference: {fileID: 0}
    - target: {fileID: 4265315157052381519, guid: 80191fc06bc4242689cfe1e28f663911, type: 3}
      propertyPath: m_fontColor32.rgba
      value: 4290361785
      objectReference: {fileID: 0}
    - target: {fileID: 4265315157052381519, guid: 80191fc06bc4242689cfe1e28f663911, type: 3}
      propertyPath: m_HorizontalAlignment
      value: 1
      objectReference: {fileID: 0}
    m_RemovedComponents: []
  m_SourcePrefab: {fileID: 100100000, guid: 80191fc06bc4242689cfe1e28f663911, type: 3}
--- !u!114 &8324401434105496738 stripped
MonoBehaviour:
  m_CorrespondingSourceObject: {fileID: 4265315157052381519, guid: 80191fc06bc4242689cfe1e28f663911, type: 3}
  m_PrefabInstance: {fileID: 5239735265893686765}
  m_PrefabAsset: {fileID: 0}
  m_GameObject: {fileID: 0}
  m_Enabled: 1
  m_EditorHideFlags: 0
  m_Script: {fileID: 11500000, guid: f4688fdb7df04437aeb418b961361dc5, type: 3}
  m_Name: 
  m_EditorClassIdentifier: 
--- !u!224 &8324401434105496741 stripped
RectTransform:
  m_CorrespondingSourceObject: {fileID: 4265315157052381512, guid: 80191fc06bc4242689cfe1e28f663911, type: 3}
  m_PrefabInstance: {fileID: 5239735265893686765}
  m_PrefabAsset: {fileID: 0}
--- !u!1001 &6626389297008275876
PrefabInstance:
  m_ObjectHideFlags: 0
  serializedVersion: 2
  m_Modification:
    m_TransformParent: {fileID: 3060996875660380079}
    m_Modifications:
    - target: {fileID: 993407505851269480, guid: 8e230906189474df4ad4fa83792b355e, type: 3}
      propertyPath: m_text
      value: x4
      objectReference: {fileID: 0}
    - target: {fileID: 993407505851269480, guid: 8e230906189474df4ad4fa83792b355e, type: 3}
      propertyPath: m_fontSize
      value: 50
      objectReference: {fileID: 0}
    - target: {fileID: 993407505851269480, guid: 8e230906189474df4ad4fa83792b355e, type: 3}
      propertyPath: m_margin.w
      value: 58.265625
      objectReference: {fileID: 0}
    - target: {fileID: 993407505851269480, guid: 8e230906189474df4ad4fa83792b355e, type: 3}
      propertyPath: m_margin.y
      value: 52.984375
      objectReference: {fileID: 0}
    - target: {fileID: 993407505851269480, guid: 8e230906189474df4ad4fa83792b355e, type: 3}
      propertyPath: m_fontStyle
      value: 1
      objectReference: {fileID: 0}
    - target: {fileID: 993407505851269480, guid: 8e230906189474df4ad4fa83792b355e, type: 3}
      propertyPath: m_fontColor.b
      value: 1
      objectReference: {fileID: 0}
    - target: {fileID: 993407505851269480, guid: 8e230906189474df4ad4fa83792b355e, type: 3}
      propertyPath: m_fontColor.g
      value: 1
      objectReference: {fileID: 0}
    - target: {fileID: 993407505851269480, guid: 8e230906189474df4ad4fa83792b355e, type: 3}
      propertyPath: m_fontColor.r
      value: 1
      objectReference: {fileID: 0}
    - target: {fileID: 993407505851269480, guid: 8e230906189474df4ad4fa83792b355e, type: 3}
      propertyPath: m_fontSizeBase
      value: 50
      objectReference: {fileID: 0}
    - target: {fileID: 993407505851269480, guid: 8e230906189474df4ad4fa83792b355e, type: 3}
      propertyPath: m_fontColor32.rgba
      value: 4294967295
      objectReference: {fileID: 0}
    - target: {fileID: 993407505851269480, guid: 8e230906189474df4ad4fa83792b355e, type: 3}
      propertyPath: m_HorizontalAlignment
      value: 4
      objectReference: {fileID: 0}
    - target: {fileID: 993407505851269486, guid: 8e230906189474df4ad4fa83792b355e, type: 3}
      propertyPath: m_Name
      value: Qty
      objectReference: {fileID: 0}
    - target: {fileID: 993407505851269487, guid: 8e230906189474df4ad4fa83792b355e, type: 3}
      propertyPath: m_Pivot.x
      value: 1
      objectReference: {fileID: 0}
    - target: {fileID: 993407505851269487, guid: 8e230906189474df4ad4fa83792b355e, type: 3}
      propertyPath: m_AnchorMax.x
      value: 0
      objectReference: {fileID: 0}
    - target: {fileID: 993407505851269487, guid: 8e230906189474df4ad4fa83792b355e, type: 3}
      propertyPath: m_AnchorMax.y
      value: 0.5
      objectReference: {fileID: 0}
    - target: {fileID: 993407505851269487, guid: 8e230906189474df4ad4fa83792b355e, type: 3}
      propertyPath: m_AnchorMin.y
      value: 0.5
      objectReference: {fileID: 0}
    - target: {fileID: 993407505851269487, guid: 8e230906189474df4ad4fa83792b355e, type: 3}
      propertyPath: m_SizeDelta.x
      value: 100
      objectReference: {fileID: 0}
    - target: {fileID: 993407505851269487, guid: 8e230906189474df4ad4fa83792b355e, type: 3}
      propertyPath: m_SizeDelta.y
      value: 80
      objectReference: {fileID: 0}
    - target: {fileID: 993407505851269487, guid: 8e230906189474df4ad4fa83792b355e, type: 3}
      propertyPath: m_AnchoredPosition.y
      value: -50
      objectReference: {fileID: 0}
    - target: {fileID: 5516284715831689184, guid: 8e230906189474df4ad4fa83792b355e, type: 3}
      propertyPath: m_OnClick.m_PersistentCalls.m_Calls.Array.data[0].m_Mode
      value: 1
      objectReference: {fileID: 0}
    - target: {fileID: 5516284715831689184, guid: 8e230906189474df4ad4fa83792b355e, type: 3}
      propertyPath: m_OnClick.m_PersistentCalls.m_Calls.Array.data[0].m_Target
      value: 
      objectReference: {fileID: 9194848852346068252}
    - target: {fileID: 5516284715831689184, guid: 8e230906189474df4ad4fa83792b355e, type: 3}
      propertyPath: m_OnClick.m_PersistentCalls.m_Calls.Array.data[0].m_MethodName
      value: SelectTileType
      objectReference: {fileID: 0}
    - target: {fileID: 5516284715831689184, guid: 8e230906189474df4ad4fa83792b355e, type: 3}
      propertyPath: m_OnClick.m_PersistentCalls.m_Calls.Array.data[0].m_TargetAssemblyTypeName
      value: GameCore.Scripts.TileTypeButton, Assembly-CSharp
      objectReference: {fileID: 0}
    - target: {fileID: 5516284715831689185, guid: 8e230906189474df4ad4fa83792b355e, type: 3}
      propertyPath: m_Type
      value: 0
      objectReference: {fileID: 0}
    - target: {fileID: 5516284715831689185, guid: 8e230906189474df4ad4fa83792b355e, type: 3}
      propertyPath: m_Sprite
      value: 
      objectReference: {fileID: 21300000, guid: 9b3f2bde7ba0a47b788f4e444e14e7a7, type: 3}
    - target: {fileID: 5516284715831689186, guid: 8e230906189474df4ad4fa83792b355e, type: 3}
      propertyPath: m_Name
      value: Tile (Lev 3)
      objectReference: {fileID: 0}
    - target: {fileID: 5516284715831689187, guid: 8e230906189474df4ad4fa83792b355e, type: 3}
      propertyPath: m_Pivot.x
      value: 0
      objectReference: {fileID: 0}
    - target: {fileID: 5516284715831689187, guid: 8e230906189474df4ad4fa83792b355e, type: 3}
      propertyPath: m_Pivot.y
      value: 1
      objectReference: {fileID: 0}
    - target: {fileID: 5516284715831689187, guid: 8e230906189474df4ad4fa83792b355e, type: 3}
      propertyPath: m_RootOrder
      value: 2
      objectReference: {fileID: 0}
    - target: {fileID: 5516284715831689187, guid: 8e230906189474df4ad4fa83792b355e, type: 3}
      propertyPath: m_AnchorMax.x
      value: 0
      objectReference: {fileID: 0}
    - target: {fileID: 5516284715831689187, guid: 8e230906189474df4ad4fa83792b355e, type: 3}
      propertyPath: m_AnchorMax.y
      value: 1
      objectReference: {fileID: 0}
    - target: {fileID: 5516284715831689187, guid: 8e230906189474df4ad4fa83792b355e, type: 3}
      propertyPath: m_AnchorMin.x
      value: 0
      objectReference: {fileID: 0}
    - target: {fileID: 5516284715831689187, guid: 8e230906189474df4ad4fa83792b355e, type: 3}
      propertyPath: m_AnchorMin.y
      value: 1
      objectReference: {fileID: 0}
    - target: {fileID: 5516284715831689187, guid: 8e230906189474df4ad4fa83792b355e, type: 3}
      propertyPath: m_SizeDelta.x
      value: 200
      objectReference: {fileID: 0}
    - target: {fileID: 5516284715831689187, guid: 8e230906189474df4ad4fa83792b355e, type: 3}
      propertyPath: m_SizeDelta.y
      value: 200
      objectReference: {fileID: 0}
    - target: {fileID: 5516284715831689187, guid: 8e230906189474df4ad4fa83792b355e, type: 3}
      propertyPath: m_LocalPosition.x
      value: 0
      objectReference: {fileID: 0}
    - target: {fileID: 5516284715831689187, guid: 8e230906189474df4ad4fa83792b355e, type: 3}
      propertyPath: m_LocalPosition.y
      value: 0
      objectReference: {fileID: 0}
    - target: {fileID: 5516284715831689187, guid: 8e230906189474df4ad4fa83792b355e, type: 3}
      propertyPath: m_LocalPosition.z
      value: 0
      objectReference: {fileID: 0}
    - target: {fileID: 5516284715831689187, guid: 8e230906189474df4ad4fa83792b355e, type: 3}
      propertyPath: m_LocalRotation.w
      value: 1
      objectReference: {fileID: 0}
    - target: {fileID: 5516284715831689187, guid: 8e230906189474df4ad4fa83792b355e, type: 3}
      propertyPath: m_LocalRotation.x
      value: 0
      objectReference: {fileID: 0}
    - target: {fileID: 5516284715831689187, guid: 8e230906189474df4ad4fa83792b355e, type: 3}
      propertyPath: m_LocalRotation.y
      value: 0
      objectReference: {fileID: 0}
    - target: {fileID: 5516284715831689187, guid: 8e230906189474df4ad4fa83792b355e, type: 3}
      propertyPath: m_LocalRotation.z
      value: 0
      objectReference: {fileID: 0}
    - target: {fileID: 5516284715831689187, guid: 8e230906189474df4ad4fa83792b355e, type: 3}
      propertyPath: m_AnchoredPosition.x
      value: 100
      objectReference: {fileID: 0}
    - target: {fileID: 5516284715831689187, guid: 8e230906189474df4ad4fa83792b355e, type: 3}
      propertyPath: m_AnchoredPosition.y
      value: -750
      objectReference: {fileID: 0}
    - target: {fileID: 5516284715831689187, guid: 8e230906189474df4ad4fa83792b355e, type: 3}
      propertyPath: m_LocalEulerAnglesHint.x
      value: 0
      objectReference: {fileID: 0}
    - target: {fileID: 5516284715831689187, guid: 8e230906189474df4ad4fa83792b355e, type: 3}
      propertyPath: m_LocalEulerAnglesHint.y
      value: 0
      objectReference: {fileID: 0}
    - target: {fileID: 5516284715831689187, guid: 8e230906189474df4ad4fa83792b355e, type: 3}
      propertyPath: m_LocalEulerAnglesHint.z
      value: 0
      objectReference: {fileID: 0}
    m_RemovedComponents: []
  m_SourcePrefab: {fileID: 100100000, guid: 8e230906189474df4ad4fa83792b355e, type: 3}
--- !u!114 &1691222940973043268 stripped
MonoBehaviour:
  m_CorrespondingSourceObject: {fileID: 5516284715831689184, guid: 8e230906189474df4ad4fa83792b355e, type: 3}
  m_PrefabInstance: {fileID: 6626389297008275876}
  m_PrefabAsset: {fileID: 0}
  m_GameObject: {fileID: 1691222940973043270}
  m_Enabled: 1
  m_EditorHideFlags: 0
  m_Script: {fileID: 11500000, guid: 4e29b1a8efbd4b44bb3f3716e73f07ff, type: 3}
  m_Name: 
  m_EditorClassIdentifier: 
--- !u!1 &1691222940973043270 stripped
GameObject:
  m_CorrespondingSourceObject: {fileID: 5516284715831689186, guid: 8e230906189474df4ad4fa83792b355e, type: 3}
  m_PrefabInstance: {fileID: 6626389297008275876}
  m_PrefabAsset: {fileID: 0}
--- !u!114 &9194848852346068252
MonoBehaviour:
  m_ObjectHideFlags: 0
  m_CorrespondingSourceObject: {fileID: 0}
  m_PrefabInstance: {fileID: 0}
  m_PrefabAsset: {fileID: 0}
  m_GameObject: {fileID: 1691222940973043270}
  m_Enabled: 1
  m_EditorHideFlags: 0
  m_Script: {fileID: 11500000, guid: 64554da9cf009451494fc88326e440ed, type: 3}
  m_Name: 
  m_EditorClassIdentifier: 
  button: {fileID: 1691222940973043268}
  referee: {fileID: 11400000, guid: 364cac64f49a24e5d8bd5e77c17cec39, type: 2}
--- !u!224 &1691222940973043271 stripped
RectTransform:
  m_CorrespondingSourceObject: {fileID: 5516284715831689187, guid: 8e230906189474df4ad4fa83792b355e, type: 3}
  m_PrefabInstance: {fileID: 6626389297008275876}
  m_PrefabAsset: {fileID: 0}
--- !u!114 &6214091354869870796 stripped
MonoBehaviour:
  m_CorrespondingSourceObject: {fileID: 993407505851269480, guid: 8e230906189474df4ad4fa83792b355e, type: 3}
  m_PrefabInstance: {fileID: 6626389297008275876}
  m_PrefabAsset: {fileID: 0}
  m_GameObject: {fileID: 0}
  m_Enabled: 1
  m_EditorHideFlags: 0
  m_Script: {fileID: 11500000, guid: f4688fdb7df04437aeb418b961361dc5, type: 3}
  m_Name: 
  m_EditorClassIdentifier: 
